@misc{compounds,
author       = {NIST},
title     = {Atomic Weights and Isotopic Compositions for All Elements},
note       = {\url{https://physics.nist.gov/cgi-bin/Compositions/stand_alone.pl}},
urldate = {2023-11-2}, 
language     = {english}



}

